<record><leader>00000cas a22000007a 4500</leader><controlfield tag="001">27140463</controlfield><controlfield tag="008">921218d19301935tnumr ne      0    0eng d</controlfield><datafield ind1=" " ind2=" " tag="010"><subfield code="a">sn 92060625 </subfield></datafield><datafield ind1=" " ind2=" " tag="040"><subfield code="a">YOX</subfield><subfield code="b">eng</subfield><subfield code="c">YOX</subfield><subfield code="d">OCLCQ</subfield><subfield code="d">OCLCF</subfield><subfield code="d">OCLCO</subfield><subfield code="d">TGN</subfield></datafield><datafield ind1=" " ind2=" " tag="042"><subfield code="a">msc</subfield></datafield><datafield ind1="0" ind2="0" tag="245"><subfield code="a">Mid-South Cotton Association news.</subfield></datafield><datafield ind1=" " ind2=" " tag="260"><subfield code="a">Memphis, Tenn. :</subfield><subfield code="b">Mid-South Cotton Growers Association</subfield></datafield><datafield ind1=" " ind2=" " tag="300"><subfield code="a">v.</subfield></datafield><datafield ind1=" " ind2=" " tag="310"><subfield code="a">Monthly</subfield></datafield><datafield ind1="0" ind2=" " tag="362"><subfield code="a">Vol. 9, no. 5 (Nov. 10, 1930)-v. 12, no. 6 (Jan. 1935).</subfield></datafield><datafield ind1=" " ind2=" " tag="515"><subfield code="a">Vol. 9 repeated in numbering; issues no. 1-2 (July-Aug., 1931) incorrectly called no. 13-14.</subfield></datafield><datafield ind1=" " ind2=" " tag="515"><subfield code="a">Vol. 9, no. 4 issue combines Oct.-Nov., 1933.</subfield></datafield><datafield ind1=" " ind2=" " tag="515"><subfield code="a">Vol. 12, no. 1-3 (Aug.-Oct., 1934) incorrectly called v. 11, no. 13-15.</subfield></datafield><datafield ind1=" " ind2="0" tag="650"><subfield code="a">Cotton trade</subfield><subfield code="v">Newspapers.</subfield></datafield><datafield ind1=" " ind2="4" tag="651"><subfield code="a">Memphis (Tenn.)</subfield><subfield code="v">Newspapers.</subfield></datafield><datafield ind1=" " ind2="7" tag="650"><subfield code="a">Cotton trade.</subfield><subfield code="2">fast</subfield><subfield code="0">(OCoLC)fst00881080</subfield></datafield><datafield ind1=" " ind2="7" tag="655"><subfield code="a">Newspapers.</subfield><subfield code="2">fast</subfield><subfield code="0">(OCoLC)fst01423814</subfield></datafield><datafield ind1="2" ind2=" " tag="710"><subfield code="a">Mid-South Cotton Growers Association.</subfield></datafield><datafield ind1=" " ind2=" " tag="752"><subfield code="a">United States</subfield><subfield code="b">Tennessee</subfield><subfield code="c">Shelby</subfield><subfield code="d">Memphis.</subfield></datafield><datafield ind1="0" ind2="0" tag="780"><subfield code="t">Cotton Association news</subfield><subfield code="w">(DLC)sn 92060624</subfield></datafield><datafield ind1="0" ind2="0" tag="785"><subfield code="t">Mid-South cotton news</subfield><subfield code="w">(DLC)sn 92060626</subfield></datafield><datafield ind1="1" ind2=" " tag="029"><subfield code="a">AU@</subfield><subfield code="b">000020717659</subfield></datafield></record>